<?xml version="1.0" encoding="UTF-8"?><collection xmlns="info:lc/xmlns/marcxchange-v2" xmlns:xsi="http://www.w3.org/2001/XMLSchema-instance" xsi:schemaLocation="info:lc/xmlns/marcxchange-v2 http://www.loc.gov/standards/iso25577/marcxchange-2-0.xsd"><record format="MARC21" type="Bibliographic"><leader>00001nM2.02000024   000h</leader><controlfield tag="001">000000658</controlfield><controlfield tag="002">19990511</controlfield><controlfield tag="003">20110119</controlfield><datafield tag="100" ind1=" " ind2=" "><subfield code="a">Moers, Walter</subfield></datafield><datafield tag="331" ind1=" " ind2=" "><subfield code="a">¬Die¬ 13 1/2 Leben des Käpt'n Blaubär</subfield></datafield><datafield tag="335" ind1=" " ind2=" "><subfield code="a">die halben Lebenserinnerungen eines Seebären ; mit zahlreichen Ill. u. unter Benutzung des "Lexikons der erklärungsbedürftigen Wunder, Daseinsformen und Phänomene Zamoniens und Umgebung" von Prof. Dr. Abdul Nachtigaller</subfield></datafield><datafield tag="359" ind1=" " ind2=" "><subfield code="a">Walter Moers</subfield></datafield><datafield tag="370" ind1="b" ind2=" "><subfield code="a">¬Die¬ dreizehneinhalb Leben des Käpt'n Blaubär</subfield></datafield><datafield tag="410" ind1=" " ind2=" "><subfield code="a">Frankfurt</subfield></datafield><datafield tag="412" ind1=" " ind2=" "><subfield code="a">Eichborn</subfield></datafield><datafield tag="425" ind1=" " ind2=" "><subfield code="a">1999</subfield></datafield><datafield tag="433" ind1=" " ind2=" "><subfield code="a">712 S.</subfield></datafield><datafield tag="434" ind1=" " ind2=" "><subfield code="a">Ill.</subfield></datafield><datafield tag="501" ind1=" " ind2=" "><subfield code="a">Nicht ausscheiden!</subfield></datafield><datafield tag="540" ind1=" " ind2=" "><subfield code="a">3-8218-2969-9</subfield></datafield><datafield tag="540" ind1="z" ind2=" "><subfield code="a">fest geb. : 49,80 DM</subfield></datafield><datafield tag="700" ind1="R" ind2=" "><subfield code="a">20004217</subfield></datafield><datafield tag="700" ind1="S" ind2=" "><subfield code="a">30001146</subfield></datafield><datafield tag="700" ind1="Z" ind2=" "><subfield code="a">10003829</subfield></datafield><datafield tag="700" ind1="Z" ind2=" "><subfield code="a">10005915</subfield></datafield></record>