<record format="MARC21" type="Bibliographic"><leader>00002nM2.02000024   000h</leader><controlfield tag="001">000000672</controlfield><controlfield tag="002">19990511</controlfield><controlfield tag="003">20110524</controlfield><datafield tag="100" ind1=" " ind2=" "><subfield code="a">Welsh, Renate</subfield></datafield><datafield tag="104" ind1="b" ind2=" "><subfield code="a">Mair, Martina ¬[Ill.]¬</subfield></datafield><datafield tag="331" ind1=" " ind2=" "><subfield code="a">¬Das¬ kleine Moorgespenst</subfield></datafield><datafield tag="359" ind1=" " ind2=" "><subfield code="a">Renate Welsh. Bilder von Martina Mair</subfield></datafield><datafield tag="410" ind1=" " ind2=" "><subfield code="a">Hamburg</subfield></datafield><datafield tag="412" ind1=" " ind2=" "><subfield code="a">Oetinger</subfield></datafield><datafield tag="425" ind1=" " ind2=" "><subfield code="a">1999</subfield></datafield><datafield tag="433" ind1=" " ind2=" "><subfield code="a">61 S.</subfield></datafield><datafield tag="434" ind1=" " ind2=" "><subfield code="a">Ill.</subfield></datafield><datafield tag="451" ind1="b" ind2=" "><subfield code="a">Sonne, Mond und Sterne</subfield></datafield><datafield tag="540" ind1=" " ind2=" "><subfield code="a">3-7891-0557-0</subfield></datafield><datafield tag="540" ind1="z" ind2=" "><subfield code="a">geb.</subfield></datafield><datafield tag="700" ind1="R" ind2=" "><subfield code="a">20001547</subfield></datafield><datafield tag="700" ind1="S" ind2=" "><subfield code="a">30000507</subfield></datafield><datafield tag="700" ind1="Z" ind2=" "><subfield code="a">10001088</subfield></datafield><datafield tag="700" ind1="Z" ind2=" "><subfield code="a">10003002</subfield></datafield><datafield tag="710" ind1=" " ind2=" "><subfield code="a">Gespenst</subfield></datafield></record>