<record format="MARC21" type="Bibliographic"><leader>00003nM2.02000024   000h</leader><controlfield tag="001">000000685</controlfield><controlfield tag="002">19990511</controlfield><controlfield tag="003">20110520</controlfield><datafield tag="100" ind1=" " ind2=" "><subfield code="a">Sommer, Jörg</subfield></datafield><datafield tag="104" ind1="b" ind2=" "><subfield code="a">Baumann, Stephan ¬[Ill.]¬</subfield></datafield><datafield tag="331" ind1=" " ind2=" "><subfield code="a">Wir spielen Indianer</subfield></datafield><datafield tag="335" ind1=" " ind2=" "><subfield code="a">das büffelstarke Spiel- und Spaßbuch</subfield></datafield><datafield tag="359" ind1=" " ind2=" "><subfield code="a">Jörg Sommer. Mit Ill. von Stephan Baumann</subfield></datafield><datafield tag="403" ind1=" " ind2=" "><subfield code="a">1. Aufl.</subfield></datafield><datafield tag="410" ind1=" " ind2=" "><subfield code="a">Würzburg</subfield></datafield><datafield tag="412" ind1=" " ind2=" "><subfield code="a">Arena</subfield></datafield><datafield tag="425" ind1=" " ind2=" "><subfield code="a">1997</subfield></datafield><datafield tag="433" ind1=" " ind2=" "><subfield code="a">175 S.</subfield></datafield><datafield tag="434" ind1=" " ind2=" "><subfield code="a">zahlr. Ill.</subfield></datafield><datafield tag="451" ind1=" " ind2=" "><subfield code="a">Arena-Taschenbuch ; 329</subfield></datafield><datafield tag="501" ind1=" " ind2=" "><subfield code="a">In neuer Rechtschreibung</subfield></datafield><datafield tag="540" ind1="a" ind2=" "><subfield code="a">3-401-00329-1</subfield></datafield><datafield tag="540" ind1="z" ind2=" "><subfield code="a">kt. : 12,90</subfield></datafield><datafield tag="700" ind1="R" ind2=" "><subfield code="a">20001652</subfield></datafield><datafield tag="700" ind1="Z" ind2=" "><subfield code="a">10001168</subfield></datafield><datafield tag="750" ind1="c" ind2=" "><subfield code="a">Krähenindianer Falkenauge führt durch die Sammlung von Spielen, Bastelanleitungen, Rezepten, Rätseln, Witzen etc. und regt dazu an, einen eigenen</subfield></datafield></record>