<record format="MARC21" type="Bibliographic"><leader>00004nM2.02000024   000h</leader><controlfield tag="001">000000688</controlfield><controlfield tag="002">19990511</controlfield><controlfield tag="003">20110520</controlfield><datafield tag="100" ind1=" " ind2=" "><subfield code="a">Dorris, Michael</subfield></datafield><datafield tag="304" ind1=" " ind2=" "><subfield code="a">Guests &lt;dt.></subfield></datafield><datafield tag="331" ind1=" " ind2=" "><subfield code="a">Fremde</subfield></datafield><datafield tag="359" ind1=" " ind2=" "><subfield code="a">Michael Dorris. Mit Ill. von Wolfgang Slwaski</subfield></datafield><datafield tag="403" ind1=" " ind2=" "><subfield code="a">Dt. Erstausg.</subfield></datafield><datafield tag="410" ind1=" " ind2=" "><subfield code="a">Ravensburg</subfield></datafield><datafield tag="412" ind1=" " ind2=" "><subfield code="a">Ravensburger Buchverl.</subfield></datafield><datafield tag="425" ind1=" " ind2=" "><subfield code="a">1996</subfield></datafield><datafield tag="433" ind1=" " ind2=" "><subfield code="a">126 S.</subfield></datafield><datafield tag="434" ind1=" " ind2=" "><subfield code="a">Ill.</subfield></datafield><datafield tag="435" ind1=" " ind2=" "><subfield code="a">21 cm</subfield></datafield><datafield tag="501" ind1=" " ind2=" "><subfield code="a">Aus dem Engl. übers.</subfield></datafield><datafield tag="540" ind1="a" ind2=" "><subfield code="a">3-473-34268-8</subfield></datafield><datafield tag="540" ind1="z" ind2=" "><subfield code="a">geb. : 10,12 EUR</subfield></datafield><datafield tag="700" ind1="R" ind2=" "><subfield code="a">20001554</subfield></datafield><datafield tag="700" ind1="Z" ind2=" "><subfield code="a">10001095</subfield></datafield><datafield tag="710" ind1=" " ind2=" "><subfield code="a">Indianer</subfield></datafield><datafield tag="750" ind1="c" ind2=" "><subfield code="a">Der Indianerjunge Moos (13) ist nicht damit einverstanden, daß sein Vater notleidende weiße Siedle</subfield></datafield></record></collection>